<?xml version="1.0" encoding="UTF-8"?><record xmlns="http://www.loc.gov/MARC21/slim" xmlns:cinclude="http://apache.org/cocoon/include/1.0" xmlns:zs="http://www.loc.gov/zing/srw/">
  <leader>00378cz  a2200121n  4500</leader>
  <controlfield tag="001">n  89242549 </controlfield>
  <controlfield tag="003">DLC</controlfield>
  <controlfield tag="005">20070525074853.0</controlfield>
  <controlfield tag="008">920505n| acannaab           |n aaa      </controlfield>
  <datafield tag="010" ind1=" " ind2=" ">
    <subfield code="a">n  89242549 </subfield>
  </datafield>
  <datafield tag="040" ind1=" " ind2=" ">
    <subfield code="a">DLC</subfield>
    <subfield code="c">DLC</subfield>
    <subfield code="d">DLC</subfield>
  </datafield>
  <datafield tag="100" ind1="1" ind2="0">
    <subfield code="a">Cruz, Demétrio Acácio Fernandes da.</subfield>
    <subfield code="t">Apontamentos sobre a província do Paraná.</subfield>
    <subfield code="n">Pt. 4</subfield>
  </datafield>
  <datafield tag="670" ind1=" " ind2=" ">
    <subfield code="a">Fontes para a história do Paraná, 1990.</subfield>
  </datafield>
</record>